<?xml version="1.0" encoding="UTF-8"?><record xmlns="http://www.loc.gov/MARC21/slim" xmlns:cinclude="http://apache.org/cocoon/include/1.0" xmlns:zs="http://www.loc.gov/zing/srw/">
  <leader>00630cz  a2200193n  4500</leader>
  <controlfield tag="001">n 2005180671</controlfield>
  <controlfield tag="003">DLC</controlfield>
  <controlfield tag="005">20160226074017.0</controlfield>
  <controlfield tag="008">050322n| azannaabn          |n aaa      </controlfield>
  <datafield tag="010" ind1=" " ind2=" ">
    <subfield code="a">n 2005180671</subfield>
  </datafield>
  <datafield tag="035" ind1=" " ind2=" ">
    <subfield code="a">(DNLM)1295746</subfield>
  </datafield>
  <datafield tag="035" ind1=" " ind2=" ">
    <subfield code="a">(OCoLC)oca06592398</subfield>
  </datafield>
  <datafield tag="040" ind1=" " ind2=" ">
    <subfield code="a">DNLM</subfield>
    <subfield code="b">eng</subfield>
    <subfield code="e">rda</subfield>
    <subfield code="c">DNLM</subfield>
    <subfield code="d">DLC</subfield>
    <subfield code="d">ViFGM</subfield>
  </datafield>
  <datafield tag="100" ind1="1" ind2=" ">
    <subfield code="a">Lee, Margaret T.</subfield>
  </datafield>
  <datafield tag="370" ind1=" " ind2=" ">
    <subfield code="c">United States</subfield>
    <subfield code="2">naf</subfield>
  </datafield>
  <datafield tag="375" ind1=" " ind2=" ">
    <subfield code="a">female</subfield>
  </datafield>
  <datafield tag="377" ind1=" " ind2=" ">
    <subfield code="a">eng</subfield>
  </datafield>
  <datafield tag="670" ind1=" " ind2=" ">
    <subfield code="a">Alcohol and Drug Services Study (ADSS) phase II, 2004:</subfield>
    <subfield code="b">t.p. (Margaret T. Lee)</subfield>
  </datafield>
  <datafield tag="670" ind1=" " ind2=" ">
    <subfield code="a">Alcohol and Drug Services Study (ADSS) phase II, client record abstract report, 2004:</subfield>
    <subfield code="b">title page (Margaret T. Lee)</subfield>
  </datafield>
</record>